<?xml version="1.0" encoding="UTF-8"?><record xmlns="http://www.loc.gov/MARC21/slim" xmlns:cinclude="http://apache.org/cocoon/include/1.0" xmlns:zs="http://www.loc.gov/zing/srw/">
  <leader>00457cz  a2200145n  4500</leader>
  <controlfield tag="001">n  82050138 </controlfield>
  <controlfield tag="003">DLC</controlfield>
  <controlfield tag="005">20141208104827.0</controlfield>
  <controlfield tag="008">820412n| azannaab           |a aaa      </controlfield>
  <datafield tag="010" ind1=" " ind2=" ">
    <subfield code="a">n  82050138 </subfield>
  </datafield>
  <datafield tag="040" ind1=" " ind2=" ">
    <subfield code="a">DLC</subfield>
    <subfield code="b">eng</subfield>
    <subfield code="e">rda</subfield>
    <subfield code="c">DLC</subfield>
    <subfield code="d">DLC</subfield>
  </datafield>
  <datafield tag="100" ind1="1" ind2=" ">
    <subfield code="a">Mohiuddin, S. H.</subfield>
    <subfield code="q">(Syed H.)</subfield>
  </datafield>
  <datafield tag="378" ind1=" " ind2=" ">
    <subfield code="q">Syed H.</subfield>
  </datafield>
  <datafield tag="400" ind1="1" ind2="0">
    <subfield code="a">Mohiuddin, Syed H.</subfield>
  </datafield>
  <datafield tag="670" ind1=" " ind2=" ">
    <subfield code="a">Morrill, L.G. Organic compounds in soils, c1982 (a.e.)</subfield>
    <subfield code="b">t.p. (S.H. Mohiuddin) p. vii (Syed H. Mohiuddin; Dr. Mohiuddin)</subfield>
  </datafield>
</record>